@book{curd1998philosophy,
  title={Philosophy of science: The central issues},
  author={Curd, Martin and Cover, Jan A and Pincock, Christopher},
  volume={6},
  year={1998},
  publisher={WW Norton New York}
}
@book{zxx,
  title={计算机科学技术百科全书},
  author={张效祥},
  year={2005},
  publisher={清华大学出版社有限公司}
}
@article{zhaodong,
  author          = {郑东;赵庆兰;张应辉},
  title           = {密码学综述},
  journal         = {西安邮电大学学报},
  volume          = {18},
  year            = {2013}
}
@article{wangchao,
  author          = {王潮;姚皓南;王宝楠;胡风;张焕国;纪祥敏},
  title           = {量子计算密码攻击进展},
  journal         = {计算机学报},
  volume          = {43},
  year            = {2020}
}
@article{liuhongwei,
  author          = {刘宏伟;石竑松},
  title           = {量子威胁及其应对技术},
  journal         = {中国信息安全},
  year            = {2020}
}